% This file was created with JabRef 2.7b.
% Encoding: UTF-8

@ARTICLE{schulman2011grasping,
  author = {Schulman, John D and Goldberg, Ken and Abbeel, Pieter},
  title = {Grasping and Fixturing as Submodular Coverage Problems},
  year = {2011},
  booktitle = {International Symposium on Robotics Research}
}

